<?xml version="1.0" encoding="UTF-8"?><collection xmlns="http://www.loc.gov/MARC21/slim"><record><leader>00592nam--2200181-u-4500</leader><controlfield tag="001">000056861</controlfield><controlfield tag="002">20200911</controlfield><controlfield tag="005">20200911023529</controlfield><controlfield tag="008">200911s1000------------r-----000-0-eng-d</controlfield><datafield ind1=" " ind2=" " tag="040"><subfield code="a">IFIN-HH</subfield></datafield><datafield ind1="1" ind2=" " tag="041"><subfield code="a">eng</subfield></datafield><datafield ind1="1" ind2=" " tag="100"><subfield code="a">Casten, Rick</subfield></datafield><datafield ind1="1" ind2="0" tag="245"><subfield code="a">International Symposium on Nuclear Structure Physics. Celebrating the career of peter von Brentano</subfield><subfield code="c">Rick Casten; Jan Jolie; Ulrich Kneissl; Peter Lieb (Eds.)</subfield></datafield><datafield ind1=" " ind2=" " tag="260"><subfield code="a">New Jersey</subfield><subfield code="b">Wirld Scientific</subfield><subfield code="c">2001</subfield></datafield><datafield ind1=" " ind2=" " tag="300"><subfield code="a">XIX+447 p</subfield></datafield><datafield ind1=" " ind2=" " tag="500"><subfield code="a">Donatie Acad. Nicolae Victor Zamfir</subfield></datafield><datafield ind1="1" ind2=" " tag="852"><subfield code="a">82807</subfield><subfield code="c">N.V.Z</subfield></datafield><datafield ind1=" " ind2=" " tag="CAT"><subfield code="a">SYS</subfield><subfield code="c">20200911</subfield><subfield code="h">023529</subfield></datafield></record></collection>